<?xml version="1.0" encoding="UTF-8"?><collection xmlns="http://www.loc.gov/MARC21/slim"><record><leader>00557nam--2200193-i-4500</leader><controlfield tag="001">000025792</controlfield><controlfield tag="002">20161230</controlfield><controlfield tag="005">20161230201036</controlfield><controlfield tag="008">060222s1000------------r-----000-0-fre-d</controlfield><datafield ind1=" " ind2=" " tag="040"><subfield code="a">IFIN-HH</subfield></datafield><datafield ind1=" " ind2=" " tag="041"><subfield code="a">fre</subfield></datafield><datafield ind1=" " ind2=" " tag="080"><subfield code="a">533.9</subfield></datafield><datafield ind1="1" ind2=" " tag="100"><subfield code="a">Kadomtsev, B.B</subfield></datafield><datafield ind1="1" ind2="0" tag="245"><subfield code="a">Phenomenes collectifs dans les plasmas</subfield><subfield code="b">Traduit du russe par o. partchevski</subfield><subfield code="c">B.b. kadomtsev</subfield></datafield><datafield ind1=" " ind2=" " tag="260"><subfield code="a">Moscou, Ed.Mir, 1979,</subfield></datafield><datafield ind1=" " ind2=" " tag="300"><subfield code="a">238P</subfield></datafield><datafield ind1=" " ind2=" " tag="500"><subfield code="a">Titlul original in lb. rusa: Kollektivnie iavleniia v plazme</subfield></datafield><datafield ind1=" " ind2=" " tag="852"><subfield code="a">48598</subfield><subfield code="c">533.9</subfield></datafield><datafield ind1=" " ind2=" " tag="CAT"><subfield code="a">Sys</subfield><subfield code="c">20100929</subfield><subfield code="h">131312</subfield></datafield></record></collection>